% Моя литература для философии

@BOOK{Glukhov_history,
  author = {Глухов, В. С. and Галустов, Р. А. and Дикой, А. А. and Дикая И. В.},
  title = {История и современность развития роботов : учебное пособие},
  address = {Армавир},
  publisher = {РИО АГПА},
  year = {2016},
  numpages = {222},
  language = {russian}
}

@BOOK{Dickmanns_vision,
  author    = {Ernst D. Dickmanns}, 
  title     = {Dynamic vision for perception and control of motion},
  publisher = {Springer},
  year      = {2007},
  address   = {Germany},
  isbn      = {9781846286377},
  language  = {english}
}

@ARTICLE{MADI_GAZ,
  author = {Иванов, А. М. and Шадрин, С. С. and Карпухин, К. Е.},
  title = {Интеллектуальное транспортное средство. Адаптация подсистемы определения взаимного положения движущихся транспортных средств},
  journal = {Известия МГТУ <<МАМИ>>},
  year = {2013},
  number = {2},
  pages = {57-62},
  volume = {1},
  language = {russian}
}

@ARTICLE{DARPAchallnge,
  author = {Уэйт Гиббз},
  title = {Триумф роботов},
  journal = {В мире науки},
  year = {2006},
  number = {4},
  pages = {40-47},
  language = {russian}
}

@ARTICLE{DTP_ukr,
  author = {Зубенко, Д. Ю.},
  title = {Причины аварий на дорогах и разработка устройств, предотвращающих столкновение},
  journal = {Технологический аудит и резервы производства},
  year = {2014},
  number = {1/5},
  pages = {17-19},
  language = {russian}
}

@ARTICLE{DTP_factors,
  author = {АвтоДорожный Консалтинг},
  title = {Выявление факторов, послуживших причинами дорожно-транспортных происшествий},
  journal = {Разработка программы мероприятий по
             безопасности движения на участках концентрации
             ДТП на дорогах общего пользования Архангельской
             области},
  year = {2004},
  language = {russian}
}

@BOOK{DTP_Gladkiy,
  author = {Гладкий, А.},
  title = {Как не попасть в ДТП и что делать, если это все-­таки случилось},
  address = {Москва},
  publisher = {Рид Групп},
  year = {2012},
  numpages = {96},
  isbn = {978­5­4252­0740­1},
  language = {russian}
}

@ARTICLE{Plus&Minus,
  author = {Голуцкий, А.Г. and Дуганова, Е. В.},
  title = {Плюсы и минусы появления беспилотных автомобилей},
  journal = {ФГБОУ <<Белгородский государственный технологический университет 
             им. В. Г. Шухова>>},
  year = {2017},
  language = {russian}
}

@online{Pilotless_Trust,
  title={Беспилотные автомобили: можно ли доверить вождение роботу},
  author={МашиноМания},
  journal={МашиноМания},
  year={2012},
  medium={Электронный ресурс},
  url = {http://www.mashinomania.ru/2012/10/blog-post_8344.html},
  urldate = {07.04.2018},
  language = {russian}
}

@online{Pilotless_Future,
  title={Беспилотное будущее: зачем бизнесу новый вид транспорта},
  author={Данил Рудаков},
  journal={Forbes},
  year={2017},
  medium={Электронный ресурс},
  url = {http://www.forbes.ru/karera-i-svoy-biznes/347503-bespilotnoe-budushchee-zachem-biznesu-novyy-vid-transporta},
  urldate = {07.04.2018},
  language = {russian}
}

@online{Pilotless_Economics,
  title={Как беспилотные автомобили изменят экономику},
  author={Наталья Дембинская},
  journal={РИА Новости},
  year={2016},
  medium={Электронный ресурс},
  url = {https://ria.ru/economy/20161205/1482890294.html},
  urldate = {07.04.2018},
  language = {russian}
}

@BOOK{Homo_Robo,
  author = {Маркофф, Д.},
  title = {Homo roboticus? Люди и машины в поисках взаимопонимания},
  address = {Москва},
  publisher = {Альпина нон-фикшн},
  year = {2016},
  numpages = {406},
  ibsn = {978-5-91671-739-6},
  language = {russian}
}

@ARTICLE{Pilotless_Efimov,
  author = {Ефимов, А.},
  title = {Автомобили-роботы: прошлое, настоящее и будущее},
  journal = {Сколково},
  year = {2016},
  language = {russian}
}

@ARTICLE{Social_AutoTech,
  author = {Малышев, О.},
  title = {Дорога в будущее: понять автомобилиста завтрашнего дня},
  journal = {PwC Россия},
  year = {2017},
  language = {russian}
}

@online{Pilotless_Integral,
  title={Беспилотные автомобили – безопасность и будущее. Часть 1},
  author={Kornelik},
  journal={Интеграл},
  year={2016},
  medium={Электронный ресурс},
  url = {http://integral-russia.ru/2016/10/10/bespilotnye-avtomobili-bezopasnost-i-budushhee-chast-1/},
  urldate = {07.04.2018},
  language = {russian}
}

@online{Pilotless_Tadviser,
  title={Автопилот (беспилотный автомобиль)},
  author={Tadviser},
  journal={Tadviser},
  year={2017},
  medium={Электронный ресурс},
  url = {http://www.tadviser.ru/index.php/%D0%A1%D1%82%D0%B0%D1%82%D1%8C%D1%8F:%D0%90%D0%B2%D1%82%D0%BE%D0%BF%D0%B8%D0%BB%D0%BE%D1%82_(%D0%B1%D0%B5%D1%81%D0%BF%D0%B8%D0%BB%D0%BE%D1%82%D0%BD%D1%8B%D0%B9_%D0%B0%D0%B2%D1%82%D0%BE%D0%BC%D0%BE%D0%B1%D0%B8%D0%BB%D1%8C)},
  urldate = {07.04.2018},
  language = {russian}
}

@online{Tesla_Accident,
  title={Автопилот Tesla: первая смерть},
  author={Анатолий Ализар},
  journal={Гиктаймс},
  year={2016},
  medium={Электронный ресурс},
  url = {https://geektimes.ru/post/277970/},
  urldate = {07.04.2018},
  language = {russian}
}

@online{Intel_Safety,
  title={Intel предложила математические правила безопасности для беспилотных 
         автомобилей вместо обучения нейросети},
  author={Анатолий Ализар},
  journal={Гиктаймс},
  year={2017},
  medium={Электронный ресурс},
  url = {https://geektimes.ru/post/294513/},
  urldate = {07.04.2018},
  language = {russian}
}
